<?xml version="1.0" encoding="UTF-8"?><record xmlns="http://www.loc.gov/MARC21/slim" xmlns:cinclude="http://apache.org/cocoon/include/1.0" xmlns:zs="http://www.loc.gov/zing/srw/">
  <leader>00711cz  a2200157n  4500</leader>
  <controlfield tag="001">no2010158820</controlfield>
  <controlfield tag="003">DLC</controlfield>
  <controlfield tag="005">20120818083312.0</controlfield>
  <controlfield tag="008">100929n| acannaabn          |n aaa     c</controlfield>
  <datafield tag="010" ind1=" " ind2=" ">
    <subfield code="a">no2010158820</subfield>
  </datafield>
  <datafield tag="035" ind1=" " ind2=" ">
    <subfield code="a">(OCoLC)oca08640897</subfield>
  </datafield>
  <datafield tag="040" ind1=" " ind2=" ">
    <subfield code="a">CSt</subfield>
    <subfield code="b">eng</subfield>
    <subfield code="c">CSt</subfield>
    <subfield code="d">CSt</subfield>
    <subfield code="d">DLC</subfield>
  </datafield>
  <datafield tag="100" ind1="1" ind2=" ">
    <subfield code="a">Yang, Yanmin,</subfield>
    <subfield code="c">Ph. D.</subfield>
  </datafield>
  <datafield tag="667" ind1=" " ind2=" ">
    <subfield code="a">THIS 1XX FIELD CANNOT BE USED UNDER RDA UNTIL THIS RECORD HAS BEEN REVIEWED AND/OR UPDATED</subfield>
  </datafield>
  <datafield tag="667" ind1=" " ind2=" ">
    <subfield code="a">Not the same as: Yang, Yanmin</subfield>
  </datafield>
  <datafield tag="670" ind1=" " ind2=" ">
    <subfield code="a">The synaptic vesicle protein B0AT3 (SLC6A17) catalyzes sodium-coupled neutral amino acid transport, 2010:</subfield>
    <subfield code="b">p. 3 (Yanmin Yang; Ph.D.; Associate Professor of Neurology and Neurological Sciences, Neurology Dept., School of Medicine, Stanford University)</subfield>
  </datafield>
</record>